@book{bertsekas2002introduction,
  title={Introduction to probability},
  author={Bertsekas, Dimitri P and Tsitsiklis, John N},
  volume={1},
  year={2002},
  publisher={Athena Scientific Belmont, MA}
}

@book{mclachlan2007algorithm,
  title={The EM algorithm and extensions},
  author={McLachlan, Geoffrey J and Krishnan, Thriyambakam},
  volume={382},
  year={2007},
  publisher={John Wiley \& Sons}
}

@inproceedings{ghahramani1993solving,
  title={Solving inverse problems using an EM approach to density estimation},
  author={Ghahramani, Zoubin},
  booktitle={Proceedings of the 1993 Connectionist Models summer school},
  year={1993},
  organization={Citeseer}
}

@article{xu2017data,
  title={Data-driven methods towards learning the highly nonlinear inverse kinematics of tendon-driven surgical manipulators},
  author={Xu, Wenjun and Chen, Jie and Lau, Henry YK and Ren, Hongliang},
  journal={The International Journal of Medical Robotics and Computer Assisted Surgery},
  volume={13},
  number={3},
  pages={e1774},
  year={2017},
  publisher={Wiley Online Library}
}

@article{dempster1977maximum,
  title={Maximum likelihood from incomplete data via the EM algorithm},
  author={Dempster, Arthur P and Laird, Nan M and Rubin, Donald B},
  journal={Journal of the Royal Statistical Society: Series B (Methodological)},
  volume={39},
  number={1},
  pages={1--22},
  year={1977},
  publisher={Wiley Online Library}
}

@misc{wiki:K-means_clustering,
   author = "Wikipedia",
   title = "{K-means clustering} --- {W}ikipedia{,} The Free Encyclopedia",
   year = "2021",
   howpublished = {\url{http://en.wikipedia.org/w/index.php?title=K-means\%20clustering&oldid=1029789661}},
   note = "[Online; accessed 08-July-2021]"
 }